@inproceedings{kour2014real,
  title={Real-time segmentation of on-line handwritten arabic script},
  author={Kour, George and Saabne, Raid},
  booktitle={Frontiers in Handwriting Recognition (ICFHR), 2014 14th International Conference on},
  pages={417--422},
  year={2014},
  organization={IEEE}
}

@inproceedings{kour2014fast,
  title={Fast classification of handwritten on-line Arabic characters},
  author={Kour, George and Saabne, Raid},
  booktitle={Soft Computing and Pattern Recognition (SoCPaR), 2014 6th International Conference of},
  pages={312--318},
  year={2014},
  organization={IEEE},
  doi={10.1109/SOCPAR.2014.7008025}
}

@article{hadash2018estimate,
  title={Estimate and Replace: A Novel Approach to Integrating Deep Neural Networks with Existing Applications},
  author={Hadash, Guy and Kermany, Einat and Carmeli, Boaz and Lavi, Ofer and Kour, George and Jacovi, Alon},
  journal={arXiv preprint arXiv:1804.09028},
  year={2018}
}

% start of HFT references

@article{kirilenko2011microstructure,
  title={The Microstructure of the 'Flash Crash': Flow Toxicity, Liquidity Crashes and the Probability of Informed Trading},
  author={Kirilenko, Andrei and Kyle, Albert S and Samadi, Mehrdad and Tuzun, Tugkan},
  journal={Journal of Financial Markets},
  volume={16},
  number={2},
  pages={233--250},
  year={2011},
  publisher={Elsevier}
}

@article{brogaard2014high,
  title={High frequency trading and its impact on market quality},
  author={Brogaard, Jonathan and Hendershott, Terrence and Riordan, Ryan},
  journal={SSRN Electronic Journal},
  year={2014},
  publisher={Elsevier}
}

@article{vasquez2019machine,
  title={Machine learning for high-frequency trading: a review},
  author={Vasquez-Ramirez, Gustavo and Shenoy, Deepak B},
  journal={Expert Systems with Applications},
  volume={127},
  pages={243--259},
  year={2019},
  publisher={Elsevier}
}

@article{santoni2019news,
  title={News, Noise, and Estimates of the 'True' Unobserved State of the World},
  author={Santoni, Gregory J and Bollerslev, Tim and Chakravarthy, Viswanathan V},
  journal={SSRN Electronic Journal},
  year={2019},
  publisher={Elsevier}
} # this is new prediction instead of HFT

@article{vogel2018dark,
  title={The dark side of high-frequency trading: exploring the ethics of business strategies},
  author={Vogel, Friederike R and Rhee, Keongtae A},
  journal={Journal of Business Ethics},
  volume={153},
  number={4},
  pages={989--1007},
  year={2018},
  publisher={Springer}
}

@incollection{gomber2011high,
title={High-frequency trading},
author={Gomber, Peter and Arndt, Bj{"o}rn and Lutat, Marco and Uhle, Tim},
booktitle={The Handbook of High Frequency Trading},
pages={3--24},
year={2011},
publisher={Elsevier}
}

@article{cartlidge2018survey,
  title={A survey of high-frequency trading strategies},
  author={Cartlidge, John and Sun, Rong C F},
  journal={Journal of Financial Markets},
  volume={39},
  pages={48--65},
  year={2018},
  publisher={Elsevier}
}

@article{campbell1997econometric,
  title={Econometric analysis of high frequency financial data},
  author={Campbell, John Y and Lo, Andrew W and MacKinlay, A Craig},
  journal={Handbook of Statistics},
  volume={14},
  pages={1--101},
  year={1997},
  publisher={Elsevier}
}

@book{aldridge2013high,
  title={High-frequency trading: a practical guide to algorithmic strategies and trading systems},
  author={Aldridge, Irene},
  year={2013},
  publisher={John Wiley \& Sons}
}